<collection>
  <record>
    <controlfield tag="001"></controlfield>
    <datafield tag="024" ind1="7" ind2=" ">
      <subfield code="2">DOI</subfield>
      <subfield code="a"></subfield>
    </datafield>
    <datafield tag="245" ind1="" ind2="">
      <subfield code="a">Datasets derived from the Run2011A SingleElectron, SingleMu, DoubleElectron, and DoubleMu primary datasets</subfield>
    </datafield>
    <datafield tag="260" ind1=" " ind2=" ">
      <subfield code="b">CERN Open Data Portal</subfield>
      <subfield code="c">2017</subfield>
    </datafield>
    <datafield tag="100" ind1="" ind2="">
      <subfield code="a">McCauley, Thomas</subfield>
    </datafield>
    <datafield tag="520" ind1="" ind2="">
      <subfield code="a">These data were selected from the primary datasets in order to obtain candidate J/psi and Y events, candidate W and Z boson events, and general di-electron and dimuon spectra.</subfield>
    </datafield>
    <datafield tag="540" ind1=" " ind2=" ">
      <subfield code="a">CC0</subfield>
    </datafield>
    <datafield tag="567" ind1="" ind2="">
      <subfield code="a">
      <p><strong>Wmunu</strong>
        <p>An event was selected if there was one (and only one) global muon in the event that satisfies: pT > 25.0 GeV and |eta| < 2.1. Furthermore, the event was rejected if there was another global muon in the event with pT > 10 GeV in the acceptance region |eta| < 2.4.</p>
      </p>
      <p><strong>Wenu</strong>
        <p>An event was selected if there is was one electron in the event with pT > 25.0 GeV. Furthermore, the event was rejected if there was a second electron present with pT > 20 GeV.</p>
      </p>
      <p><strong>Zee</strong>
        <p>
          An event was selected if there were two electrons in the event with pT > 25 GeV and the invariant mass of the two electrons was > 60 GeV and < 120 GeV.
        </p>
      </p>
      <p><strong>Zmumu</strong>
        <p>
          An event was selected if there were two muons in the event with pT > 20 GeV and |eta| < 2.1 and the invariant mass of the two muons was > 60 GeV and < 120 GeV.
        </p>
      </p>
      </subfield>
    </datafield>
    <datafield tag="556" ind1="" ind2="">
      <subfield code="a">These data were selected for use in education and outreach and contain a subset of the total event information. They are not suitable for a full physics analysis.</subfield>
    </datafield>
    <datafield tag="581" ind1=" " ind2=" ">
      <subfield code="a">The data can be analyzed using a Jupyter notebook:</subfield>
      <subfield code="u">https://github.com/cmsopendata-finland/kurssimateriaali</subfield>
      <subfield code="y">CMS Open Data Finland</subfield>
    </datafield>
    <datafield tag="693" ind1=" " ind2=" ">
      <subfield code="a">CERN-LHC</subfield>
      <subfield code="e">CMS</subfield>
    </datafield>
    <datafield tag="964" ind1=" " ind2="0">
      <subfield code="c">Run2011A</subfield>
    </datafield>
    <datafield tag="980" ind1=" " ind2=" ">
      <subfield code="a">CMS-Derived-Datasets</subfield>
    </datafield>
    <datafield tag="FFT" ind1="" ind2="">
      <subfield code="a">/tmp/opendata.cern.ch-fft-file-cache/cms-docdb-files/Wmunu_SingleMu_Run2011A.csv</subfield>
      <subfield code="n">Wmunu</subfield>
    </datafield>
    <datafield tag="FFT" ind1="" ind2="">
      <subfield code="a">/tmp/opendata.cern.ch-fft-file-cache/cms-docdb-files/Wenu_SingleElectron_Run2011A.csv</subfield>
      <subfield code="n">Wenu</subfield>
    </datafield>
    <datafield tag="FFT" ind1="" ind2="">
      <subfield code="a">/tmp/opendata.cern.ch-fft-file-cache/cms-docdb-files/Zmumu_SingleMu_Run2011A.csv</subfield>
      <subfield code="n">Zmumu</subfield>
    </datafield>
    <datafield tag="FFT" ind1="" ind2="">
      <subfield code="a">/tmp/opendata.cern.ch-fft-file-cache/cms-docdb-files/Zee_SingleElectron_Run2011A.csv</subfield>
      <subfield code="n">Zee</subfield>
    </datafield>
  </record>
</collection>
